<?xml version="1.0" encoding="iso-8859-1"?>
<ting:container xmlns:ting="http://www.dbc.dk/ting" xmlns:dc="http://purl.org/dc/elements/1.1/" xmlns="http://www.bs.dk/standards/MarcXchange"><ting:dc><dc:title>Huset</dc:title><dc:creator>Ejendomsforeningen Danmark</dc:creator><dc:creator>Kjøbenhavns Grundejerforening</dc:creator><dc:subject>33.956</dc:subject><dc:subject>Bolig- og grundejerforeninger</dc:subject><dc:description>Tidligere udgivet: Kbh. : Kjøbenhavns Grundejerforening ... [et al.]</dc:description><dc:publisher>Kbh. Ejendomsforeningen Danmark</dc:publisher><dc:date>1969</dc:date><dc:type>Tidsskrift</dc:type><dc:identifier>ISSN: 0109-1034</dc:identifier><dc:language>Dansk</dc:language></ting:dc><collection><record format="danMARC2" type="Bibliographic"><leader>00000cape020000004000000</leader><datafield tag="001" ind1="0" ind2="0"><subfield code="a">03281698</subfield><subfield code="b">870970</subfield><subfield code="c">20010128224732</subfield><subfield code="d">19830323</subfield><subfield code="f">a</subfield><subfield code="t">FAUST</subfield></datafield><datafield tag="004" ind1="0" ind2="0"><subfield code="r">c</subfield><subfield code="a">e</subfield></datafield><datafield tag="008" ind1="0" ind2="0"><subfield code="t">p</subfield><subfield code="u">c</subfield><subfield code="a">1969</subfield><subfield code="b">dk</subfield><subfield code="c">m</subfield><subfield code="h">p</subfield><subfield code="i">b</subfield><subfield code="l">dan</subfield><subfield code="v">0</subfield></datafield><datafield tag="009" ind1="0" ind2="0"><subfield code="a">a</subfield><subfield code="g">xx</subfield></datafield><datafield tag="022" ind1="0" ind2="0"><subfield code="a">0109-1034</subfield><subfield code="c">hf.</subfield></datafield><datafield tag="032" ind1="0" ind2="0"><subfield code="a">DPF197680</subfield><subfield code="x">DAT199523</subfield><subfield code="x">DAT199944</subfield><subfield code="a">DPF</subfield><subfield code="x">DAT</subfield><subfield code="x">DAT</subfield></datafield><datafield tag="082" ind1="0" ind2="0"><subfield code="a">333.323 209 489</subfield></datafield><datafield tag="210" ind1="0" ind2="0"><subfield code="a">Huset</subfield><subfield code="b">Kbh.</subfield></datafield><datafield tag="222" ind1="0" ind2="0"><subfield code="a">Huset</subfield><subfield code="b">København</subfield></datafield><datafield tag="245" ind1="0" ind2="0"><subfield code="a">Huset</subfield></datafield><datafield tag="255" ind1="0" ind2="0"><subfield code="a">1. årgang, nr. 1 (1969)-</subfield></datafield><datafield tag="260" ind1="0" ind2="0"><subfield code="a">Kbh.</subfield><subfield code="d">Nørre Voldgade 2/4., 1358 K</subfield><subfield code="b">Ejendomsforeningen Danmark</subfield><subfield code="c">[1969]-</subfield></datafield><datafield tag="300" ind1="0" ind2="0"><subfield code="b">Ill. (nogle i farver)</subfield><subfield code="c">30 cm</subfield></datafield><datafield tag="500" ind1="0" ind2="0"><subfield code="a">Månedlig</subfield></datafield><datafield tag="512" ind1="0" ind2="0"><subfield code="a">Tidligere udgivet: Kbh. : Kjøbenhavns Grundejerforening ... [et al.]</subfield></datafield><datafield tag="526" ind1="0" ind2="0"><subfield code="i">Heri indgået</subfield><subfield code="t">Grundejer-bladet</subfield></datafield><datafield tag="526" ind1="0" ind2="0"><subfield code="i">Heri indgået</subfield><subfield code="t">Grundejertidende</subfield></datafield><datafield tag="526" ind1="0" ind2="0"><subfield code="i">Særnummer</subfield><subfield code="t">Grundejerbladet</subfield></datafield><datafield tag="539" ind1="0" ind2="0"><subfield code="a">31. årgang, nr. 9 (september 1999)</subfield></datafield><datafield tag="652" ind1="0" ind2="0"><subfield code="m">33.956</subfield></datafield><datafield tag="710" ind1="0" ind2="0"><subfield code="0"></subfield><subfield code="a">Ejendomsforeningen Danmark</subfield></datafield><datafield tag="710" ind1="0" ind2="0"><subfield code="0"></subfield><subfield code="a">Kjøbenhavns Grundejerforening</subfield></datafield></record></collection>
</ting:container>
